<record><leader>00000cas a2200000 a 4500</leader><controlfield tag="001">9832389</controlfield><controlfield tag="008">830822d18021815nyuwr ne      0    0eng c</controlfield><datafield ind1=" " ind2=" " tag="010"><subfield code="a">sn 83021124 </subfield></datafield><datafield ind1=" " ind2=" " tag="040"><subfield code="a">NPX</subfield><subfield code="b">eng</subfield><subfield code="c">NPX</subfield><subfield code="d">NPU</subfield><subfield code="d">NPX</subfield><subfield code="d">NPA</subfield><subfield code="d">DLC</subfield><subfield code="d">NPX</subfield><subfield code="d">NVF</subfield><subfield code="d">OCL</subfield><subfield code="d">NYS</subfield><subfield code="d">OCLCG</subfield><subfield code="d">CRL</subfield><subfield code="d">OCLCQ</subfield><subfield code="d">OCLCF</subfield></datafield><datafield ind1="1" ind2=" " tag="029"><subfield code="a">AU@</subfield><subfield code="b">000020123537</subfield></datafield><datafield ind1=" " ind2=" " tag="042"><subfield code="a">pcc</subfield></datafield><datafield ind1=" " ind2=" " tag="043"><subfield code="a">n-us-ny</subfield></datafield><datafield ind1="0" ind2="0" tag="050"><subfield code="a">Newspaper 8829-X</subfield></datafield><datafield ind1="0" ind2="4" tag="245"><subfield code="a">The Poughkeepsie journal, and constitutional Republican.</subfield></datafield><datafield ind1=" " ind2=" " tag="260"><subfield code="a">Poughkeepsie [N.Y.] :</subfield><subfield code="b">Printed by Nicholas Power and Co.,</subfield><subfield code="c">1802-1815.</subfield></datafield><datafield ind1=" " ind2=" " tag="300"><subfield code="a">volumes ;</subfield><subfield code="c">51-55 cm</subfield></datafield><datafield ind1=" " ind2=" " tag="310"><subfield code="a">Weekly</subfield></datafield><datafield ind1=" " ind2=" " tag="336"><subfield code="a">text</subfield><subfield code="b">txt</subfield><subfield code="2">rdacontent</subfield></datafield><datafield ind1=" " ind2=" " tag="337"><subfield code="a">unmediated</subfield><subfield code="b">n</subfield><subfield code="2">rdamedia</subfield></datafield><datafield ind1=" " ind2=" " tag="338"><subfield code="a">volume</subfield><subfield code="b">nc</subfield><subfield code="2">rdacarrier</subfield></datafield><datafield ind1="0" ind2=" " tag="362"><subfield code="a">Vol. 17, no. 35 (June 8, 1802)-v. 31, no. 45 (May 17, 1815) = Total no. 880-1555.</subfield></datafield><datafield ind1=" " ind2=" " tag="500"><subfield code="a">Publishers: Nicholas Power, Godfrey Bowman &amp; Co., 1805; Godfrey Bowman, Chester Parsons &amp; Paraclete Potter, 1806-1809; Paraclete Potter, 1809-1815.</subfield></datafield><datafield ind1="4" ind2=" " tag="510"><subfield code="a">Brigham, C.S. Amer. newspapers,</subfield><subfield code="c">p. 723</subfield></datafield><datafield ind1=" " ind2=" " tag="530"><subfield code="a">Available on microfilm from the Micro Photo Div., Bell &amp; Howell Co.</subfield></datafield><datafield ind1=" " ind2=" " tag="588"><subfield code="a">Latest issue consulted: Vol. 31, no. 45 (May 17, 1815).</subfield></datafield><datafield ind1=" " ind2="0" tag="651"><subfield code="a">Poughkeepsie (N.Y.)</subfield><subfield code="v">Newspapers.</subfield></datafield><datafield ind1=" " ind2="0" tag="651"><subfield code="a">Dutchess County (N.Y.)</subfield><subfield code="v">Newspapers.</subfield></datafield><datafield ind1=" " ind2="7" tag="655"><subfield code="a">Newspapers.</subfield><subfield code="2">fast</subfield><subfield code="0">(OCoLC)fst01423814</subfield></datafield><datafield ind1=" " ind2="7" tag="651"><subfield code="a">New York (State)</subfield><subfield code="z">Dutchess County.</subfield><subfield code="2">fast</subfield><subfield code="0">(OCoLC)fst01207498</subfield></datafield><datafield ind1=" " ind2="7" tag="651"><subfield code="a">New York (State)</subfield><subfield code="z">Poughkeepsie.</subfield><subfield code="2">fast</subfield><subfield code="0">(OCoLC)fst01214704</subfield></datafield><datafield ind1="1" ind2=" " tag="700"><subfield code="a">Power, Nicholas,</subfield><subfield code="d">1758?-1811.</subfield></datafield><datafield ind1="1" ind2=" " tag="700"><subfield code="a">Aiken, John,</subfield><subfield code="d">-1808.</subfield></datafield><datafield ind1="1" ind2=" " tag="700"><subfield code="a">Bowman, Godfrey,</subfield><subfield code="d">1781?-1822.</subfield></datafield><datafield ind1="1" ind2=" " tag="700"><subfield code="a">Potter, Paraclete,</subfield><subfield code="d">1784-1858.</subfield></datafield><datafield ind1="1" ind2=" " tag="700"><subfield code="a">Parsons, Chester.</subfield></datafield><datafield ind1=" " ind2=" " tag="752"><subfield code="a">United States</subfield><subfield code="b">New York</subfield><subfield code="c">Dutchess</subfield><subfield code="d">Poughkeepsie.</subfield></datafield><datafield ind1="0" ind2=" " tag="776"><subfield code="c">Microfilm</subfield><subfield code="d">Bell &amp; Howell</subfield><subfield code="w">(OCoLC)25648567</subfield></datafield><datafield ind1="0" ind2="0" tag="780"><subfield code="t">Poughkeepsie journal (Poughkeepsie, N.Y. : 1789)</subfield><subfield code="w">(DLC)sn 83021123</subfield><subfield code="w">(OCoLC)9834292</subfield></datafield><datafield ind1="0" ind2="0" tag="785"><subfield code="t">Poughkeepsie journal (Poughkeepsie, N.Y. : 1815)</subfield><subfield code="w">(DLC)sn 83031890</subfield><subfield code="w">(OCoLC)10035310</subfield></datafield></record>